% Encoding: UTF-8

@article{zhou2015predicting,
  title={Predicting effects of noncoding variants with deep learning-based sequence model},
  author={Zhou, Jian and Troyanskaya, Olga G},
  journal={Nature methods},
  volume={12},
  number={10},
  pages={931--934},
  year={2015},
  publisher={Nature Publishing Group}
}

@article{alipanahi2015predicting,
  title={Predicting the sequence specificities of DNA-and RNA-binding proteins by deep learning},
  author={Alipanahi, Babak and Delong, Andrew and Weirauch, Matthew T and Frey, Brendan J},
  journal={Nature biotechnology},
  year={2015},
  publisher={Nature Publishing Group}
}

@article{quang2015danq,
  title={DanQ: a hybrid convolutional and recurrent deep neural network for quantifying the function of DNA sequences},
  author={Quang, Daniel and Xie, Xiaohui},
  journal={bioRxiv},
  pages={032821},
  year={2015},
  publisher={Cold Spring Harbor Labs Journals}
}

@article{kelley2015basset,
  title={Basset: Learning the regulatory code of the accessible genome with deep convolutional neural networks.},
  author={Kelley, David R and Snoek, Jasper and Rinn, John},
  journal={bioRxiv},
  pages={028399},
  year={2015},
  publisher={Cold Spring Harbor Labs Journals}
}
